<?xml version="1.0" encoding="UTF-8"?><collection xmlns="http://www.loc.gov/MARC21/slim"><record><leader>00452nam--2200133-i-4500</leader><controlfield tag="001">000019164</controlfield><controlfield tag="002">20161230</controlfield><controlfield tag="005">20161230201033</controlfield><controlfield tag="008">060222s1000------------r-----000-0-eng-d</controlfield><datafield ind1=" " ind2=" " tag="080"><subfield code="a">539.124.143</subfield></datafield><datafield ind1=" " ind2=" " tag="100"><subfield code="a">Conklin, Glenn Ernest</subfield></datafield><datafield ind1=" " ind2=" " tag="245"><subfield code="a">Electron paramagnetic resonance of color centers in potassium chloride containing strontium chloride additive.thesis</subfield></datafield><datafield ind1=" " ind2=" " tag="260"><subfield code="a">Ann Arbor, Michigan, University Microfilms Inc., 1963. Ix + 170 P</subfield></datafield><datafield ind1=" " ind2=" " tag="852"><subfield code="a">32299</subfield></datafield></record></collection>